4710 6380
1098 619 1365 702 ..4-

436 847 604 914 &lamnae
634 847 709 912 illae
738 863 860 927 scupcr
890 845 996 908 colen
1028 843 1120 907 nola
1140 843 1284 908 similiter
1314 843 1409 909 lits
1438 847 1589 910 ternuc
1618 853 1711 930 atque
1741 865 1817 926 cac,
1845 867 1926 931 qnae
1952 849 2138 931 dupliciter

331 955 434 1022 lexac
454 962 546 1035 sunt,
572 951 770 1018 abnormibus
788 950 1057 1034 inconpositisque
1077 951 1269 1036 antiquiores
1299 959 1372 1016 snut
1394 973 1433 1018 ac
1453 961 1517 1016 tum
1547 953 1609 1018 iam
1630 954 1920 1037 refrigeraverat,
1949 975 2041 1041 quun
2060 959 2138 1024 illa-

332 1085 403 1130 rum
422 1064 558 1130 basaltes
582 1063 726 1126 oureuu.
753 1061 938 1126 lubemoues
957 1061 1080 1126 bnsalta
1100 1061 1211 1126 iterun
1232 1061 1417 1144 procedente
1438 1067 1528 1126 ortae
1548 1069 1630 1142 arat,
1653 1062 1734 1146 quoi
1754 1065 1805 1127 vel
1825 1081 1864 1126 eo
1884 1063 2045 1146 probatur,
2062 1066 2137 1150 qaia

333 1171 394 1238 bac
414 1175 573 1237 colunnae
594 1172 757 1253 regulares
777 1169 881 1234 multia
904 1169 939 1232 in
957 1169 1036 1234 locis
1058 1171 1223 1253 praecipue
1244 1179 1346 1236 autem
1364 1171 1399 1235 in
1417 1171 1539 1254 punctis
1567 1170 1766 1236 iullexiouum
1786 1174 1908 1238 lracue
1927 1181 2010 1238 sunt.
2066 1175 2136 1238 lluc

334 1282 474 1364 accedit,
498 1281 579 1366 quoi
600 1280 744 1363 singuw
765 1285 870 1362 partes
892 1297 955 1342 non
976 1278 1021 1342 ita
1042 1285 1127 1342 arcte
1147 1281 1350 1359 coaluerunt,
1374 1280 1407 1342 il
1427 1280 1509 1363 quoti
1529 1281 1695 1362 praecipue
1712 1281 1850 1364 conspici
1869 1281 1943 1344 licet
1963 1281 1996 1344 iu
2011 1283 2133 1365 sinpli-

333 1392 414 1457 citer
436 1389 525 1456 flexis
545 1387 716 1468 columnis,
739 1387 773 1450 in
793 1403 922 1471 quuum
941 1393 1031 1470 parte
1051 1407 1173 1452 sursum
1195 1408 1290 1454 versa
1308 1407 1400 1451 uuum
1420 1391 1471 1452 vel
1492 1389 1570 1452 tuos
1594 1389 1710 1472 tligitos
1731 1390 1813 1454 inter
1831 1409 1866 1454 se
1889 1390 2021 1472 tlistmt,
2043 1391 2135 1456 colli-

335 1501 479 1566 lenones
497 1516 595 1582 paene
614 1496 721 1560 nalem
743 1496 776 1558 in
797 1495 946 1558 interiore
968 1501 1067 1577 parte.
1098 1493 1266 1562 Columnae
1285 1497 1447 1562 abnormcs
1469 1498 1597 1561 elutius
1617 1498 1758 1563 basaltae
1780 1497 1966 1562 sublationis
1987 1500 2046 1562 loc
2065 1501 2134 1584 qui-

335 1610 404 1674 tlem
425 1612 494 1673 loco
515 1607 628 1691 optime
647 1606 794 1688 pondere,
815 1606 878 1670 inm
900 1605 1159 1688 remigeratorum
1178 1606 1357 1689 prismatum
1380 1604 1455 1668 mibi
1475 1605 1599 1668 vitietur
1619 1605 1772 1686 explicari
1792 1625 1893 1686 posse.

437 1717 555 1782 locutio
578 1735 660 1806 nuuc
678 1715 753 1780 mibi
773 1713 916 1778 inuenio
935 1721 983 1778 est
1003 1733 1102 1779 venae
1123 1713 1280 1779 mutan
1298 1713 1478 1793 basalticec,
1499 1731 1601 1796 quam,
1622 1713 1654 1776 in
1673 1713 1841 1794 lapicidina
1864 1711 2000 1791 tracbyti
2020 1715 2135 1778 lluels

335 1826 478 1892 brunnen
494 1825 652 1890 nominata
674 1825 765 1889 sitam
786 1824 840 1888 ria
861 1824 895 1887 iu
915 1823 1112 1906 lapicitliucm
1137 1823 1328 1905 superiorem
1359 1823 1473 1885 lucens
1496 1821 1628 1903 apertuit
1678 1823 1715 1884 ln
1736 1831 1866 1906 utraque
1888 1827 1979 1903 parte
1995 1821 2067 1889 viuc
2084 1821 2134 1884 vi-

337 1936 443 2000 lerum
465 1953 576 2000 venam
598 1941 732 2018 quamor
750 1935 844 2016 perles
863 1935 959 1998 latam
982 1953 1093 1998 saxum
1113 1933 1226 1996 montis
1247 1937 1502 2014 perrumpentem.
1540 1932 1576 1994 ln
1596 1929 1659 2010 tab,
1677 1932 1732 2012 lV,
1754 1937 1784 1994 1.
1811 1950 1849 1996 ea
1869 1949 1968 1995 venae
1988 1947 2063 2010 pars
2081 1929 2137 1992 tle-

335 2046 458 2110 liueata
480 2048 548 2123 est,
576 2059 655 2124 quae
677 2041 874 2123 lapicitlinam
900 2040 1018 2104 ineunti
1039 2041 1081 2106 etl
1104 2040 1262 2104 tlexuram
1281 2039 1476 2120 conspicitur.
1523 2039 1589 2103 llac
1615 2039 1648 2102 in
1674 2046 1763 2121 parte
1795 2041 1838 2103 atl
1867 2041 2007 2104 tenuem
2037 2057 2136 2104 venae

335 2170 447 2216 saxum
469 2150 657 2232 invenimus,
678 2148 760 2234 quoti
777 2153 891 2212 vocant
911 2145 1156 2228 „trecbytiscbes
1175 2147 1589 2232 lleibnngsconglomcrat‚“
1622 2147 1664 2212 ad
1686 2147 1843 2212 enisum
1862 2156 1985 2228 partem
2005 2148 2134 2227 tracby-

334 2267 423 2344 tun,
444 2259 515 2322 lum
535 2259 569 2322 iu
589 2256 731 2340 opposito
751 2256 821 2321 uiue
840 2256 940 2320 latere
962 2253 1136 2334 trccbyutm
1156 2257 1256 2328 solnm
1276 2262 1454 2338 perruptum
1477 2263 1534 2319 cst
1575 2253 1729 2333 urcelyti
1751 2254 1977 2321 caeruleo-albi
1997 2257 2136 2320 scissura

335 2379 384 2434 est
404 2385 584 2454 squamosa,
606 2385 744 2452 gruona
766 2374 798 2430 et
818 2365 984 2431 munuca
1032 2365 1181 2428 blateries
1194 2371 1242 2428 est
1260 2364 1347 2445 lina,
1369 2363 1619 2445 compositusolo
1639 2366 1707 2427 iere
1728 2372 1819 2446 spato
1838 2365 1969 2448 agresti.
2008 2365 2136 2446 „llorn-

334 2478 467 2546 bleutle“
486 2480 520 2542 iu
540 2497 577 2540 eo
599 2495 663 2539 non
685 2473 851 2539 invenitur.
882 2475 986 2538 Venae
1009 2473 1146 2540 basaltes
1165 2474 1199 2537 in
1218 2474 1380 2556 superficie
1403 2479 1582 2555 tempestate
1602 2491 1794 2556 summopere
1816 2474 1942 2538 attritus
1956 2481 2004 2538 est
2024 2481 2055 2538 ct
2075 2491 2133 2556 per

338 2583 677 2671 ‚,uisencxyilyirct“
698 2581 871 2646 smtmeoc
904 2582 991 2648 Satis
1011 2583 1176 2667 perspicua
1188 2590 1236 2646 est
1257 2583 1406 2647 seiunctio
1426 2583 1460 2646 in
1482 2583 1648 2665 columnas,
1661 2603 1740 2668 qnae
1760 2585 1881 2668 quidem
1902 2583 2138 2665 perpendicula-

336 2695 416 2758 uor
436 2694 469 2757 n
489 2711 588 2758 venae
607 2691 760 2774 ,merem
781 2699 813 2754 c
832 2689 957 2756 neem
987 2691 1125 2756 eneae
1145 2697 1226 2754 cmc
1274 2673 1310 2754 n
1334 2691 1430 2773 loen,
1465 2710 1543 2775 que
1561 2711 1707 2757 vunnu
1733 2689 1971 2773 „sennnur‘
1999 2690 2139 2756 nauta

336 2803 451 2870 scissm
471 2813 519 2868 est
540 2804 573 2867 in
593 2801 784 2886 irregularia
803 2800 967 2884 particula
1012 2803 1167 2883 Perrupta
1187 2819 1268 2866 saxa
1287 2819 1370 2865 vene
1388 2820 1451 2864 non
1471 2808 1589 2866 mutata
1606 2809 1687 2866 sumt.
1736 2803 1797 2864 l’er
1817 2819 2018 2886 progressum
2037 2803 2138 2866 lisso-

336 2914 463 2980 intionis
484 2915 644 2978 columnae
674 2911 768 2976 valle
804 2911 1011 2975 discesserunt
1034 2917 1128 2994 atque
1148 2911 1182 2974 in
1204 2907 1347 2992 globulos
1377 2931 1411 2974 se
1431 2913 1614 2976 formarunt.
1673 2913 1710 2974 ln
1739 2910 1844 2975 multis
1868 2912 1983 2978 talibus
2002 2911 2139 2996 globulis

337 3019 501 3086 dissolutio
519 3039 556 3082 ec
577 3035 748 3101 progressa
770 3024 838 3098 est,
873 3023 908 3079 ut
926 3016 1122 3080 semisolutae
1157 3019 1372 3084 eoncentn'cae
1392 3027 1491 3086 testae
1521 3038 1616 3103 usque
1653 3021 1694 3084 ati
1715 3039 1846 3101 paruum
1869 3021 1978 3084 lumin
1998 3019 2139 3084 bmnltae

337 3124 499 3210 globulum
519 3123 643 3206 scongi
664 3123 793 3206 possint.
836 3121 960 3186 Similia
980 3123 1122 3203 exa-pla
1143 3121 1355 3188 dissolutionis
1376 3125 1517 3192 basultac
1541 3127 1575 3191 iu
1598 3126 1742 3210 globulos
1767 3129 1866 3209 longa
1887 3132 2068 3209 tempestate
2090 3133 2139 3190 at-

338 3235 466 3302 tritione
488 3233 628 3297 invenies
649 3233 682 3297 iu
704 3239 807 3296 monte
829 3230 1013 3314 (innuberg
1032 3237 1064 3294 et
1085 3230 1119 3294 in
1140 3229 1215 3314 iugo
1230 3231 1440 3296 Wacbboller
1458 3252 1556 3316 prope
1576 3232 1678 3298 vicum
1697 3232 1888 3296 mulendorf
1904 3234 1975 3298 sito.

438 3345 648 3408 Transeamus
666 3361 749 3407 nunc
770 3361 808 3406 oc
834 3340 995 3422 regionem
1015 3339 1185 3404 lentiuuam
1206 3338 1310 3425 ibique
1330 3341 1388 3406 bos
1409 3349 1474 3406 tres
1492 3345 1579 3407 locos
1597 3343 1836 3424 contemplemur
1856 3341 2019 3425 inquibus
2039 3335 2162 3402 omui-⁶

336 3454 396 3520 bus
419 3452 560 3519 basaltae
583 3451 706 3516 obvium
728 3449 889 3514 venimus:
912 3455 1030 3512 montes
1051 3447 1263 3530 llintlerberg,
1283 3447 1494 3528 llattcuberg‚
1516 3453 1607 3530 atque
1628 3447 1828 3529 lapicidinam
1849 3465 1946 3529 prope
1965 3445 2066 3508 vicum
2086 3445 2139 3508 cui

337 3561 515 3628 beubslori
535 3579 645 3626 nomen
667 3567 716 3624 cst
734 3559 834 3626 sitam

439 3665 573 3732 circiter
594 3673 664 3730 octo
686 3665 786 3730 millia
805 3684 950 3750 passuum
971 3685 991 3730 a
1011 3664 1123 3727 Lentia
1143 3669 1279 3727 runotus
1312 3664 1395 3728 inter
1417 3663 1642 3745 septentriones
1678 3669 1709 3726 et
1734 3663 1883 3726 orientem
1904 3663 1982 3728 situ
2006 3671 2054 3726 est
2072 3660 2139 3744 pri·

339 3797 406 3842 mus
429 3779 526 3860 locus,
546 3775 749 3858 llinierbcrg
769 3793 865 3840 mons.
910 3773 1040 3838 Constat
1071 3791 1112 3837 ex
1140 3773 1234 3855 nigro
1252 3770 1394 3850 bosalta,
1426 3772 1479 3856 qui
1507 3772 1542 3836 in
1572 3773 1729 3837 columnas
1760 3770 1929 3836 culmum
1950 3778 2007 3836 est.
2049 3771 2140 3838 Saxa

338 3881 492 3950 amnuo
510 3889 582 3946 sunt
603 3883 687 3945 teum
707 3889 783 3947 uota
802 3890 834 3946 et
852 3881 886 3945 in
907 3881 994 3946 cavis
1014 3898 1120 3944 eornm
1140 3880 1311 3944 invenimus
1330 3879 1458 3961 pulcbre
1478 3881 1642 3944 tornatum
1662 3880 1841 3962 ,‚blesotyp,
1865 3878 2013 3944 Gbabasit
2034 3879 2138 3945 liallt-

338 3989 431 4073 apatb
452 3997 484 4054 et
505 3989 704 4055 llnrmctom“
726 3991 760 4052 iu
780 3990 888 4072 parvis
908 3989 1098 4071 simplicibus
1119 3988 1277 4066 crystallis
1298 3987 1423 4050 abitum.
1475 3988 1631 4051 lnterium
1652 3987 1788 4052 basaltes
1811 3990 1989 4070 fragmenta
2009 3988 2138 4070 multi,

339 4099 445 4182 lapide
467 4099 658 4180 „illimmer‘
680 4097 820 4182 egentis,
844 4096 1065 4161 circumcludit
1120 4099 1209 4164 sm
1238 4114 1353 4180 magua
1386 4096 1556 4178 lapicidina
1580 4103 1689 4178 aperta
1709 4106 1803 4176 sunt,
1831 4097 1918 4160 cuius
1945 4099 2046 4162 altera
2063 4113 2138 4176 pars

340 4205 465 4270 circiter
485 4206 600 4290 viginti
620 4205 754 4288 quinque
774 4204 868 4286 petles
888 4204 1020 4269 interior
1039 4205 1101 4269 sita
1121 4212 1178 4268 est
1236 4206 1320 4269 llaec
1340 4203 1473 4268 inierim
1493 4221 1567 4286 pens
1597 4202 1745 4286 inprimis
1770 4204 1909 4286 agilam
1929 4211 1980 4282 et,
2015 4203 2044 4267 si
2062 4222 2138 4266 cou-

339 4313 539 4378 soclationem
561 4315 772 4378 columnarum
791 4319 930 4394 spectas,
956 4319 986 4376 tc
1007 4314 1151 4395 optimum
1172 4331 1239 4378 ean
1259 4311 1389 4376 tlocebit.

440 4419 608 4487 &lamnae
628 4420 742 4486 babent
762 4423 941 4505 plerumque
961 4429 1103 4505 quattuor,
1127 4421 1261 4505 quinque
1282 4429 1336 4487 aut
1353 4429 1469 4502 septem
1489 4421 1590 4486 latera
1610 4428 1702 4505 aque
1724 4421 1918 4486 tenuisume
1939 4427 1971 4484 et
1994 4419 2140 4502 gracilli-

339 4547 408 4594 mac
427 4535 500 4592 sunl
521 4527 615 4592 totins
637 4527 785 4612 regionis.
830 4529 1006 4594 lliemetrus
1027 4546 1132 4594 earum
1149 4535 1286 4593 mutatur
1305 4530 1388 4593 intra
1408 4549 1465 4594 sex
1485 4537 1517 4593 et
1536 4547 1646 4593 novem
1666 4529 1792 4613 digitos.
1839 4531 1906 4599 lloc
1928 4537 2066 4612 tempere
2085 4549 2140 4592 sns-

340 4655 399 4722 que
418 4637 458 4700 etl
478 4636 703 4719 longitudinem
725 4635 839 4719 viginti
862 4637 914 4700 v'el
933 4637 1065 4720 triginta
1084 4638 1194 4719 pctlun
1216 4639 1308 4704 motio
1328 4641 1461 4706 animae
1483 4646 1573 4718 sunt,
1602 4647 1694 4704 autea
1718 4647 1818 4704 autem
1840 4640 2064 4724 quinquaginta
2086 4640 2138 4702 vel

339 4741 507 4824 sexaginta
525 4741 618 4822 pedes
637 4741 771 4807 numne
792 4741 888 4806 luisse
909 4743 1059 4823 teruntur,
1081 4741 1179 4808 tlouec
1200 4748 1360 4830 superiore
1374 4747 1543 4830 lapicidina
1562 4765 1620 4828 per
1640 4749 1767 4829 longum
1789 4755 1907 4829 tempos
1928 4747 2050 4830 agitata
2068 4746 2139 4810 exi-

340 4857 391 4914 tus
413 4849 588 4931 superiores
608 4851 783 4915 amiserunt.
826 4853 980 4930 Quantum
1000 4853 1142 4918 deorsum
1166 4858 1352 4937 exundant,
1380 4858 1413 4921 lt
1433 4860 1538 4922 futuro
1559 4864 1697 4938 tempore
1717 4857 1906 4939 lapicidina,
1932 4875 2025 4941 quum
2046 4874 2139 4920 occon-

340 4959 439 5024 ratitu
459 4969 530 5026 actu
551 4959 620 5040 erit,
642 4969 854 5042 cognoscetur.
897 4963 1055 5028 Articulos
1076 4983 1140 5029 non
1158 4964 1287 5044 babent,
1320 4967 1375 5030 secl
1405 4973 1522 5032 tantum
1549 4964 1600 5028 bic
1629 4973 1661 5030 ct
1688 4963 1755 5028 illic
1776 4964 1908 5048 siugulis
1927 4963 2014 5048 rimis
2034 4970 2140 5043 imfl-

340 5071 442 5140 versic
462 5077 626 5150 separatae
647 5077 728 5134 sunt.

446 5175 644 5242 consociatio
664 5195 770 5244 mmm
791 5197 858 5242 cum
879 5185 964 5244 urae
984 5179 1141 5260 lignorum
1162 5182 1196 5246 in
1217 5179 1368 5247 carbones
1389 5181 1629 5265 retligentlorum
1649 5178 1825 5260 comparari
1838 5183 1971 5260 potest..
