4710 6380
985 627 1246 708 ,5-

326 861 362 924 ln
382 856 580 939 lapicidinam
600 853 788 938 ingredienti
808 853 1004 918 shismovsns
1025 853 1184 916 eolrrmnae
1205 850 1246 914 ad
1266 851 1396 914 medium
1413 854 1569 934 proclives
1591 863 1757 938 apparunt,
1778 857 1940 938 paullatim
1963 875 2020 922 au-

222 973 286 1030 tem
308 984 405 1049 arsque
430 965 470 1030 ad
491 963 621 1028 mediana
650 947 847 1044 lapicidinam
871 957 1018 1023 inclinari
1046 957 1190 1022 desinunt
1213 965 1245 1022 et
1265 961 1564 1040 perpendiculariter
1583 963 1662 1028 sitae
1684 971 1764 1028 suut
1782 980 1786 986 ’
1807 962 1843 1027 Si
1864 963 1964 1030 media
1986 965 2020 1030 in

223 1077 392 1160 lapicidina
415 1083 481 1140 stas
504 1083 536 1138 et
554 1074 827 1156 perpendiculares
846 1071 1004 1134 columnas
1022 1075 1160 1150 spectas,
1193 1069 1360 1151 prismata,
1393 1090 1471 1155 quae
1492 1078 1583 1156 tergo
1606 1079 1660 1137 nro
1680 1075 1858 1154 imminent,
1878 1074 1952 1138 item
1970 1076 2018 1140 in-

222 1186 379 1250 clinantur
401 1184 434 1247 in
453 1183 583 1246 medium
602 1181 753 1264 edantque
774 1198 821 1259 aa,
842 1197 921 1263 qnae
941 1178 974 1241 in
995 1177 1104 1240 dextro
1127 1178 1227 1241 centri
1246 1180 1346 1244 latere
1369 1186 1457 1260 sunt,
1480 1180 1525 1245 ita
1547 1187 1580 1244 nt
1599 1181 1788 1246 consociatio
1807 1182 1886 1246 strui
1908 1183 2024 1248 similis·

221 1292 298 1358 satis
321 1291 481 1374 perspicue
501 1295 662 1372 appareat
708 1288 811 1370 Super
830 1286 887 1352 lias
908 1287 1064 1350 columnas
1087 1284 1232 1349 verticem
1260 1284 1372 1348 montis
1404 1305 1513 1352 versus
1543 1289 1657 1352 multae
1686 1287 1800 1352 habent
1834 1289 1925 1352 situm
1947 1291 2019 1370 plc-

222 1417 351 1482 rnmque
374 1417 394 1461 n
417 1396 627 1479 septentrione
646 1395 804 1459 meridiem
835 1411 963 1472 versus,
996 1389 1149 1454 interdum
1178 1391 1270 1456 etiam
1300 1390 1440 1457 dirersns
1470 1395 1603 1478 angulos
1635 1397 1801 1477 iacientes,
1834 1398 1875 1460 ad
1895 1397 2020 1464 diversa

222 1509 326 1574 latera
349 1523 538 1588 properum
570 1523 647 1588 quas
666 1505 694 1568 si
714 1523 733 1566 e
752 1503 921 1584 lapicidina
942 1499 1203 1582 contemplemur,
1238 1499 1390 1566 natnnlis
1416 1501 1494 1566 situs
1524 1501 1564 1566 alt
1590 1503 1628 1566 iis
1659 1523 1720 1568 non
1743 1505 1865 1569 videtur
1894 1507 2021 1571 relictus

224 1633 302 1678 esse.
338 1612 402 1678 Sed
422 1631 474 1676 rcs
493 1613 540 1676 ita
561 1610 844 1692 manutenet,
881 1609 1041 1692 repentino
1073 1608 1154 1672 enim
1175 1607 1322 1672 acrrminis
1344 1629 1419 1674 casn
1440 1629 1522 1675 anno
1549 1616 1631 1676 1822
1667 1612 1701 1674 in
1732 1611 1813 1676 lrnnc
1832 1615 1924 1678 situm
1946 1635 2018 1698 pen-

222 1729 383 1788 venerunt

322 1829 413 1894 lions
435 1828 627 1914 llattentterg
646 1827 820 1890 nominatus
841 1825 997 1890 meridiem
1019 1841 1127 1888 versus
1146 1823 1185 1888 ab
1209 1824 1354 1908 oppidrdo
1374 1824 1486 1888 Lentia
1516 1823 1594 1888 sitrrs
1618 1833 1686 1906 est,
1719 1845 1779 1910 quc
1812 1829 1845 1892 in
1871 1831 1941 1892 loco
1963 1829 2019 1894 lra-

222 1941 318 2004 saltes
341 1957 404 2001 non
424 1935 541 2000 tholum
556 1919 763 2002 sed'adacum
784 1936 907 1998 format
949 1933 1095 1996 Basaltae
1118 1929 1216 1993 colori
1246 1933 1339 2014 nigro
1367 1932 1545 1998 inclinantis
1565 1940 1597 1996 et
1618 1953 1726 1999 crassa
1744 1943 1820 2002 nota
1838 1938 2019 2002 excellentis

222 2049 319 2114 rimae
341 2039 605 2130 „Arragonitum“
626 2061 684 2125 per
701 2042 807 2108 radios
828 2042 1005 2106 dimurrens
1026 2039 1284 2117 circumcludunt;
1308 2042 1460 2105 interdurn
1480 2041 1614 2107 eiusde·
1630 2045 1745 2125 lapidis
1766 2050 1918 2126 crystalla
1940 2068 2019 2113 non-

222 2161 378 2224 nullorum
400 2157 567 2242 digitorum
588 2159 749 2237 apparent
811 2152 868 2216 llic
891 2169 1011 2236 quoque
1034 2149 1128 2214 struis
1151 2150 1282 2214 formam
1303 2149 1492 2234 invenimus,
1530 2171 1601 2218 nam
1625 2153 1658 2216 in
1686 2155 1787 2220 medio
1809 2159 2020 2222 columnarum

222 2265 336 2348 positio
358 2272 405 2330 est
425 2262 713 2346 perpendicularis,
742 2261 776 2324 in
807 2258 956 2324 lateribus
979 2263 1079 2322 auu·
1107 2257 1207 2322 minns
1239 2277 1330 2344 quam
1361 2261 1394 2326 in
1424 2267 1527 2324 monte
1549 2261 1751 2348 lilinderlrerg
1781 2265 1914 2350 oblique.
1958 2267 2020 2332 Co-

221 2375 345 2438 lumnae
365 2390 444 2460 quae
466 2380 588 2434 erectae
604 2377 636 2433 ct
655 2368 832 2450 saepissime
852 2367 939 2432 rimis
960 2363 1148 2430 transversis
1169 2365 1261 2430 tissac
1282 2365 1503 2449 inveniuntur,
1536 2369 1705 2434 crassiores
1726 2371 1847 2454 quidem
1878 2379 1951 2435 sunt
1981 2373 2021 2436 iis

222 2483 257 2546 iu
278 2487 381 2544 monte
401 2477 622 2562 llinderlterg,
657 2478 713 2542 sed
735 2478 853 2542 maiore
873 2477 907 2540 in
932 2474 1112 2540 extensione
1134 2476 1288 2556 nudatae,
1319 2477 1422 2541 multis
1449 2478 1490 2542 in,
1504 2478 1596 2560 locis,
1623 2486 1658 2542 ιιι
1678 2480 1821 2562 videtrrr,
1846 2482 2022 2564 nonaginta

223 2591 276 2654 vel
294 2595 415 2652 centrum
436 2589 538 2669 pedes.

327 2696 475 2762 Proxima
497 2697 530 2760 in
551 2697 712 2761 vicinitate
734 2696 846 2760 montis
856 2693 1060 2776 vettemberg,
1085 2692 1242 2756 meridiem
1261 2712 1380 2776 versus,
1402 2695 1571 2778 lapicidina
1592 2695 1835 2764 Leubsdorliana
1854 2707 1911 2780 est,
1934 2701 2022 2766 locus

222 2805 349 2870 maximi
371 2803 460 2868 nobis
480 2806 633 2870 momenti.
690 2806 751 2882 Qui
772 2807 859 2868 locus
879 2802 1007 2888 praebet
1027 2801 1118 2866 nobis
1138 2801 1291 2864 basalmm
1316 2819 1408 2884 quum
1438 2801 1472 2865 in
1493 2801 1616 2868 tabulas
1637 2809 1700 2866 tum
1721 2804 1754 2866 in
1775 2807 1933 2870 columnas
1953 2807 2020 2870 dis-

222 2915 376 2995 iunctum,
399 2915 477 2978 adde
496 2915 578 2997 quod
600 2915 762 2980 transitm
781 2914 903 2978 invenis
924 2913 1053 2978 alterim
1075 2914 1193 2974 formae
1214 2911 1413 2975 seiunctionis
1441 2913 1482 2976 ad
1505 2911 1635 2978 alteram
1658 2915 1797 2978 formam.
1845 2917 1881 2978 ln
1897 2915 1960 2980 tab.
1981 2919 2022 2981 ll.

223 3027 280 3092 snb
302 3027 340 3090 N.
362 3029 392 3090 d,
415 3025 594 3107 conspicere
615 3025 688 3088 licet
714 3031 834 3106 partem
862 3023 1015 3108 quandam
1040 3021 1131 3084 huius
1156 3022 1351 3103 lapicidinae.
1401 3021 1504 3086 Ptimo
1534 3021 1705 3088 invenimus
1733 3024 1837 3090 intima
1858 3032 1948 3106 parte
1968 3045 2022 3090 co-

223 3139 345 3202 lumnas
375 3153 504 3218 prorsus
522 3142 627 3200 rectas
656 3135 696 3200 ad
720 3134 956 3216 decempedam
986 3130 1196 3212 altlnrdinem,
1225 3135 1289 3194 tum
1318 3135 1512 3194 transcuntes
1541 3131 1575 3194 in
1603 3131 1777 3196 ulularum
1810 3135 1943 3215 formas,
1968 3136 2022 3218 qui

224 3242 373 3306 madeus
397 3240 456 3306 tali
474 3241 565 3304 modo
583 3243 637 3319 lit,
658 3247 693 3305 ιιι
712 3240 829 3304 diversi
848 3240 1021 3306 uiuorum
1042 3238 1156 3302 cumuli
1178 3243 1320 3302 accnrntc
1343 3238 1508 3304 ostendant
1537 3240 1667 3306 formam
1693 3242 1911 3306 columnarum.
1959 3242 2022 3308 Su-

189 3349 195 3364 '
223 3369 284 3434 pra
311 3349 369 3416 llas
396 3347 518 3414 mitulus
548 3348 658 3411 iterum
686 3349 845 3414 columnas
873 3347 1033 3426 invenies,
1064 3353 1127 3410 ιιιιιι
1160 3345 1283 3412 tabulas
1304 3365 1380 3430 quas
1405 3349 1563 3412 columnae
1594 3357 1772 3434 sequuntur.
1821 3350 1886 3416 Sed
1905 3371 1968 3417 nnn
1987 3353 2022 3416 in

223 3457 363 3522 omnibus
383 3456 571 3539 lapicidinae
591 3454 732 3540 partibus
753 3455 880 3520 totidem
902 3455 1026 3520 tabulae
1049 3461 1081 3517 ct
1101 3453 1252 3536 prismatn
1272 3455 1437 3518 alternant
1483 3455 1578 3520 Nullo
1597 3458 1667 3520 loco
1687 3455 1811 3522 tabulae
1827 3465 1900 3522 sunt
1918 3458 1952 3522 in
1974 3464 2021 3522 te-

225 3573 343 3631 starum
362 3564 484 3628 modum
504 3563 697 3628 concemrice
717 3565 885 3644 lounatac,
906 3562 1017 3646 ultique
1038 3579 1114 3627 vero
1134 3561 1261 3642 paribus
1282 3561 1457 3628 intervallis
1478 3563 1636 3630 distantes.

322 3674 397 3738 Alia
417 3689 536 3758 qnoque
556 3669 711 3752 singulari
730 3687 766 3734 re
785 3668 864 3736 laec
883 3669 1053 3752 lapicidina
1070 3669 1205 3735 excellit
1248 3670 1407 3736 invenitur
1421 3672 1502 3736 enim
1524 3672 1778 3738 intercolumnas
1798 3681 1830 3738 et
1849 3695 1911 3738 non
1924 3677 2021 3738 multo

226 3782 328 3846 rarius
349 3783 432 3846 inter
452 3780 575 3846 ιιιιιιιιι
595 3777 794 3842 sedimentum
814 3776 1040 3860 „Arragoniti“
1066 3777 1106 3842 ad
1128 3779 1257 3844 duarum
1279 3781 1330 3842 vel
1348 3780 1440 3844 trium
1466 3781 1618 3846 linearum
1648 3781 1890 3848 crassitudinem.
1935 3787 2021 3862 Quae

225 3886 348 3952 ululae
369 3884 593 3968 „Arragoniti“
616 3887 794 3970 plerumque
814 3891 886 3948 sunt
905 3884 1039 3948 maxime
1060 3903 1188 3950 corrosa
1211 3889 1406 3972 coloremque
1425 3887 1541 3954 halent
1559 3889 1740 3954 anlluteum.

330 3994 413 4056 Tota
430 3991 615 4075 lapicidina,
638 3992 719 4078 pund
741 3998 789 4056 eat
809 3991 849 4054 ad
868 3990 901 4054 id
920 3998 1039 4074 tempus
1069 4000 1178 4072 aperta
1197 3993 1354 4076 significat
1375 3995 1632 4060 enunciationem
1655 3996 1734 4060 suni
1764 3995 1903 4077 similem.
1944 3995 2022 4062 Cer-

226 4102 343 4166 tissima
365 4107 467 4166 autem
490 4102 527 4164 de
548 4100 661 4167 hacne
682 4099 829 4184 cognosci
851 4100 982 4181 poterit,
1005 4117 1097 4184 quum
1118 4103 1323 4184 perlongum
1345 4109 1462 4186 tempus
1480 4103 1647 4186 lapicidina
1665 4103 1787 4186 agitata
1807 4104 1876 4168 erit.

330 4209 464 4274 (inciter
485 4209 626 4274 milliarii
649 4208 844 4292 longitudine
876 4228 898 4273 a
925 4227 1009 4292 pago
1032 4209 1158 4273 llonncl
1191 4209 1339 4274 orientum
1369 4229 1479 4276 versvs
1511 4211 1651 4278 mcendit
1677 4231 1771 4294 snper
1796 4213 2022 4292 lomadouem,

226 4337 317 4404 qvam
341 4337 486 4384 vocamus
507 4316 899 4400 „(lranvvaclrengelrirgc“
922 4337 1010 4382 unns
1031 4317 1212 4403 dlittalberg
1232 4323 1427 4404 appellatas,
1454 4322 1488 4386 in
1512 4323 1584 4387 coni
1603 4323 1751 4402 tomam,
1777 4321 1919 4401 traclryto
1939 4341 2022 4386 com-

224 4427 353 4510 positus
398 4425 465 4490 lloc
485 4425 519 4490 in
537 4432 640 4490 monte
660 4441 766 4490 raram
786 4424 926 4489 invenies
944 4426 1163 4494 seiunctionem
1180 4427 1316 4507 uachyti
1336 4429 1370 4492 in
1388 4430 1556 4495 columnas.
1604 4431 1724 4496 Saxum
1744 4431 1820 4496 satis
1841 4451 1956 4515 magna
1973 4434 2022 4494 ln-

225 4535 374 4618 picidina,
396 4535 437 4602 ad
458 4534 658 4600 meridionalc
676 4533 788 4598 monu‘s
809 4536 895 4600 lanu
912 4536 994 4616 sita,
1022 4543 1162 4620 aperturm
1184 4544 1241 4600 est.
1291 4535 1444 4615 Trachvti
1465 4539 1609 4604 materies
1629 4539 1701 4604 cani
1721 4545 1767 4604 cst
1788 4537 1927 4616 coloris,
1949 4535 2023 4600 hinc

190 4693 193 4698 .
225 4649 258 4708 et
277 4643 365 4708 illinc
393 4643 545 4722 crystalla
571 4642 685 4724 lapidis
721 4640 959 4722 „llornblcndc“
996 4643 1207 4710 circumcludit
1226 4651 1318 4730 atpm
1339 4645 1432 4710 ctiam
1455 4641 1644 4734 ‚,0hndasit“
1664 4645 1698 4709 in
1720 4644 1807 4708 rimis
1828 4650 1860 4706 et
1879 4641 2022 4724 pustulis.

225 4754 313 4828 Quae
334 4750 456 4836 qnidam
475 4753 657 4830 columnae,
679 4751 771 4816 etiam
794 4749 822 4814 si
844 4750 907 4814 sint
927 4748 1086 4816 muncia
1106 4751 1263 4834 prs-atu
1289 4753 1386 4833 longe
1412 4749 1560 4830 latiores,
1595 4749 1822 4832 pulchritudine
1849 4755 1952 4812 tamen
1974 4755 2023 4813 at.

225 4879 285 4946 qne
304 4862 423 4924 formae
441 4859 647 4943 regularitate
670 4863 764 4943 paulo
784 4860 848 4924 illis
869 4859 1099 4942 postlrabentrrr.

323 4966 490 5030 dluimam
512 4972 631 5049 parte·
651 4973 801 5050 qnam,
825 4965 958 5051 quinque
973 4977 1028 5030 aut
1046 4985 1106 5032 sex
1125 4967 1230 5028 latera
1249 4968 1340 5044 atpna
1365 4963 1529 5040 Fla-272
1562 4964 1672 5045 pedum
1692 4961 1873 5026 diametrum
1894 4960 2022 5028 labent.

227 5073 361 5140 intranti
393 5073 426 5137 in
450 5073 649 5156 lapicidinem
678 5075 795 5156 angtdo
824 5075 892 5137 lere
920 5073 1119 5158 septuaginta
1151 5072 1302 5156 graduum
1330 5072 1499 5138 incdnntne
1525 5077 1708 5164 emotaeque
1731 5081 1898 5156 apparent,
1933 5073 2025 5154 panl-

226 5180 314 5246 latim
339 5201 415 5246 vero
447 5181 481 5246 in
512 5200 638 5246 curvam
666 5181 866 5246 ιιιιωιίιιιιιιι
895 5187 1052 5248 ιιιιιιιιιιι
1070 5189 1103 5248 et
1133 5181 1236 5247 nitito
1256 5181 1406 5264 mmptae
1425 5187 1507 5246 ant.
1540 5179 1589 5246 cl.
1610 5180 1673 5244 tat.
1695 5182 1748 5262 ΙΙΙ,
1771 5187 1801 5245 1.
1844 5181 1909 5246 Sed
1929 5179 2034 5242 etiam.
