4710 6380
322 1613 368 1728 In
390 1661 428 1706 ea
447 1643 616 1706 studiorum
636 1647 741 1723 parte,
773 1661 852 1724 quae
874 1648 1016 1706 oamram
1036 1647 1173 1723 spectat,
1208 1639 1383 1704 consonus
1403 1641 1551 1722 imprimis
1570 1642 1758 1724 temporibus
1778 1649 1826 1707 tot
1847 1643 1908 1708 riri
1929 1652 2019 1713 tanta

219 1750 352 1816 scientia
371 1757 517 1835 tantaque
546 1752 579 1816 iu
598 1751 662 1814 suis
681 1749 792 1814 studiis
814 1750 966 1816 varieme
987 1757 1019 1814 et
1040 1749 1131 1832 eopia
1153 1747 1373 1831 elaborarunt,
1399 1757 1434 1814 ut
1452 1749 1498 1824 ei,
1519 1751 1572 1835 qui
1592 1750 1720 1832 primum
1743 1751 1802 1816 hoe
1822 1753 2020 1820 edendarum

221 1877 321 1941 genus
343 1860 547 1942 aggreditur,
574 1862 679 1924 nullus
700 1860 767 1922 fere
786 1859 929 1924 rideatur
962 1860 1089 1922 relictus
1117 1859 1222 1938 loeus,
1256 1859 1337 1922 unde
1358 1859 1522 1942 quidquam
1542 1859 1617 1922 novi
1639 1860 1739 1941 possit
1758 1877 1877 1926 emere.
1921 1863 2018 1946 ldpue

217 1983 353 2030 sane'co
372 1967 475 2048 mgis
496 1967 659 2032 timendum
680 1966 822 2044 videtur,
854 1966 928 2049 quia
955 1985 1017 2029 non
1039 1969 1137 2030 solum
1156 1967 1187 2030 id
1210 1967 1397 2050 requiritur,
1432 1975 1465 2030 ut
1494 1968 1610 2052 aliprrid
1638 1969 1713 2033 nori
1734 1969 1927 2052 reperiatur,
1964 1971 2021 2036 sed

220 2073 312 2140 etiam
323 2109 363 2120 —
377 2094 438 2159 quo
452 2083 537 2140 certe
550 2075 630 2140 nihil
641 2075 752 2140 iustius
773 2082 874 2158 potest
887 2075 1040 2156 postulari
1055 2109 1107 2155 —,
1129 2082 1164 2138 ut
1177 2076 1267 2140 simul
1288 2077 1329 2142 sit
1349 2083 1476 2156 rectum,
1498 2084 1530 2142 et
1541 2078 1734 2159 experientia
1753 2085 1784 2142 et
1802 2080 1925 2144 ratione
1943 2080 2020 2146 satir

219 2181 442 2244 confirmatum.
498 2179 698 2256 ornemini
718 2199 800 2246 nune
820 2181 950 2262 primun
972 2189 1091 2264 partem
1113 2185 1264 2268 quandam
1285 2184 1394 2251 harruo
1415 2186 1643 2268 disciplinarum
1666 2193 1855 2270 maturo,
1878 2195 1911 2252 ut
1931 2189 2017 2256 tona

221 2286 313 2350 detur
333 2287 443 2367 uenia,
466 2306 524 2352 oro
544 2294 637 2372 atque
659 2289 797 2354 obsecro.

316 2397 381 2460 lies
402 2404 521 2478 autem,
550 2415 641 2481 quam
661 2397 694 2460 in
714 2398 892 2462 universum
914 2397 973 2464 hoc
994 2406 1131 2482 ternpore
1160 2408 1191 2466 et
1219 2400 1278 2466 hac
1306 2403 1337 2468 in
1362 2403 1569 2486 disputatore
1596 2403 1743 2492 exhibere
1763 2403 1839 2468 milri
1859 2405 2018 2488 proposui,

216 2511 266 2568 est
284 2512 429 2570 mata
450 2506 617 2589 descriptio
638 2510 855 2572 nonnullorum
877 2508 1092 2572 disiunctionis
1120 2509 1261 2576 bualtac
1285 2519 1317 2576 et
1334 2511 1471 2591 mcnyd
1492 2512 1729 2594 exemplarium,
1751 2532 1830 2597 purae
1852 2512 1884 2576 in
1901 2519 2018 2594 septem

214 2613 369 2678 montibus
389 2633 553 2698 eorumque
576 2617 610 2680 in
631 2617 789 2684 vicinitate
809 2619 999 2699 reperimus,
1029 2619 1078 2682 cni
1102 2620 1302 2702 descriptioni
1331 2621 1442 2686 deinde
1463 2621 1579 2688 addere
1599 2622 1633 2686 iu
1659 2622 1760 2686 animo
1794 2626 1841 2684 est
1872 2621 2017 2704 usqum

214 2723 347 2803 donn,
369 2742 460 2807 quan
482 2733 596 2790 vocant
616 2725 832 2808 theoreticam,
852 2728 890 2791 de
911 2729 1052 2810 regulari
1073 2730 1247 2794 secretione
1266 2749 1422 2796 saxorum.

315 2834 373 2898 list
393 2835 487 2898 valde
506 2835 694 2917 mirandum,
729 2839 811 2920 qnod
833 2845 895 2902 nm
925 2859 1026 2920 panea
1047 2841 1166 2904 danum
1185 2840 1366 2904 secretionis
1386 2839 1600 2922 exemplaria,
1633 2859 1713 2922 quae
1733 2842 1887 2921 permulta
1907 2847 2017 2906 noenu

216 2941 251 3004 in
270 2943 400 3025 regione
419 2943 626 3026 inveniuntur,
648 2947 764 3010 arins
787 2939 886 3012 doctis
908 2948 1064 3028 descripta
1083 2954 1114 3010 et
1136 2949 1293 3030 explicata
1310 2956 1443 3016 exstant.
1479 2951 1557 3014 Nam
1579 2949 1632 3012 uui
1652 2952 1719 3013 tere
1739 2949 2014 3033 Noeggerutlr,

217 3049 288 3112 uiro
309 3049 479 3114 clarissimo
501 3057 533 3114 et
551 3051 584 3114 iu
607 3050 667 3116 lroc
684 3053 859 3118 litterarum
881 3073 996 3136 genere
1017 3055 1130 3136 optime
1151 3058 1271 3137 merito,
1291 3059 1383 3124 etiam
1396 3058 1568 3123 huiusmodi
1589 3058 1827 3140 descriptionum
1847 3057 2015 3140 speeimim

218 3155 430 3237 copiosissima
449 3167 480 3222 et
500 3161 735 3228 accumtissinra
756 3161 908 3226 debemus.
1142 3150 1164 3250 J

316 3265 524 3348 Reperiuntur
553 3275 654 3333 auten
686 3269 720 3334 in
749 3275 866 3352 septem
892 3269 1045 3336 monulus
1077 3280 1108 3335 et
1142 3291 1222 3356 quae
1255 3273 1328 3338 illos
1355 3279 1490 3355 taugrmt
1521 3273 1635 3351 terris,
1676 3272 1817 3353 exempla
1850 3271 2016 3340 utilissin

217 3374 350 3440 omnium
370 3376 437 3438 iere
459 3393 607 3458 generum
629 3377 862 3458 disiunctionis‚
885 3397 964 3462 quae
985 3378 1125 3444 immae
1146 3389 1178 3444 et
1198 3379 1342 3460 uachyta
1363 3381 1501 3446 nrleuut.
1545 3383 1614 3446 lina
1635 3389 1752 3446 tanturm
1774 3397 1879 3445 earum
1899 3383 2016 3448 lom

216 3481 334 3546 tionum
354 3481 515 3562 lasaltae,
545 3502 624 3567 quae
646 3487 727 3567 apud
750 3486 1027 3552 lseoulrardum
1048 3494 1284 3565 enumerentur,
1320 3505 1449 3568 prorsus
1469 3488 1574 3552 deest:
1610 3507 1678 3552 earn
1696 3487 1856 3572 intelligo,
1886 3490 1938 3554 uli
1961 3511 2016 3556 co-
2128 3575 2131 3580 Δ

215 3592 340 3656 luruuae
361 3609 481 3656 sursum
499 3591 532 3654 in
555 3611 659 3658 omnes
679 3599 785 3676 partes
804 3594 989 3678 divergrmt,
1017 3615 1107 3679 quum
1128 3595 1220 3662 simul
1241 3615 1316 3660 axes
1342 3617 1448 3662 earum
1469 3599 1611 3662 deorsum
1634 3608 1837 3681 convergmrt
1889 3602 2015 3666 Praeci.

214 3717 308 3781 punm
328 3697 562 3781 tangendis
590 3706 693 3766 exstat
721 3703 913 3784 exemplum:
947 3723 1035 3768 mons
1067 3704 1121 3768 ille
1143 3703 1402 3783 ,nmldemtsin“
1433 3725 1530 3788 prope
1550 3706 1780 3786 lleclrersdori,
1809 3708 1909 3772 meum
1931 3709 2015 3778 tant

215 3809 324 3888 procul
347 3807 493 3888 oppidulo
513 3807 648 3891 Siegen,
678 3808 716 3870 de
737 3809 822 3874 cuins
844 3808 946 3874 forma
967 3818 1059 3896 atque
1080 3810 1188 3878 halitu
1210 3814 1389 3879 Schmidt
1410 3815 1562 3896 exposuit
1586 3813 1622 3896 ⁹)
1662 3817 1698 3879 lu
1732 3817 1932 3902 eolmultac
1960 3839 2014 3882 co-

214 3917 339 3980 lumnae
357 3915 536 3980 lmcioulum
558 3917 716 3982 radiorum
737 3937 969 4002 quoquoversus
989 3919 1216 4004 divergcndom
1235 3921 1382 3986 vidcntrn·
1399 3923 1561 4014 formare„

314 4023 378 4090 laon
400 4025 490 4090 varia
517 4033 644 4090 nostrae
674 4025 813 4109 regionis
842 4031 914 4094 loca
946 4049 984 4092 eo
1005 4030 1115 4094 ordine
1145 4038 1336 4097 tractaturus
1367 4049 1450 4112 sum,
1481 4039 1516 4094 ut
1542 4031 1701 4113 proximos
1722 4033 1849 4114 primunr
1872 4033 2013 4098 tonas

211 4141 353 4215 montes,
375 4133 485 4200 deiude
505 4134 707 4216 remotiores,
726 4143 881 4217 postremo
899 4137 1034 4218 uaclyti
1054 4145 1174 4204 montes
1196 4137 1377 4202 toaculam
1443 4182 1448 4190 ·

314 4239 351 4306 si
371 4261 470 4326 prope
490 4243 627 4308 Bonnam
650 4241 790 4308 ltlreuum
822 4244 877 4310 vix
899 4254 1115 4329 uausgreesrn
1136 4246 1218 4324 eris,
1249 4246 1282 4308 in
1315 4245 1427 4311 dextra
1452 4245 1524 4326 ripa
1552 4247 1654 4310 atrum
1677 4245 1828 4310 lasaltam
1862 4245 2012 4328 reperies,

215 4350 267 4434 qui
283 4367 398 4434 mgna
419 4350 535 4416 ambitu
557 4350 615 4416 tili
635 4369 669 4414 se
690 4351 833 4416 ostendit.
874 4354 950 4418 lude
968 4375 989 4420 a
1008 4355 1094 4435 rico,
1123 4355 1176 4438 pai
1198 4353 1398 4434 „Pttuehen“
1422 4353 1614 4435 appelletur,
1642 4373 1739 4438 usque
1762 4354 1803 4419 ad
1825 4374 1939 4438 pagum
1960 4353 2012 4418 cul

216 4455 406 4524 llollendorl
421 4475 530 4522 nonen
553 4465 621 4537 est,
645 4459 696 4542 qni
718 4459 844 4524 circiter
864 4478 974 4524 novem
996 4460 1095 4526 millia
1117 4481 1263 4544 passuum
1285 4463 1368 4526 irrter
1386 4483 1420 4526 se
1440 4463 1573 4541 distant,
1605 4463 1767 4529 contium
1788 4463 1934 4527 montium
1954 4463 2011 4535 tr·

213 4565 393 4630 salticorum
416 4569 494 4631 ordo
521 4567 712 4646 extenditur,
743 4587 872 4652 quorum
895 4587 1004 4634 saxum
1035 4569 1086 4634 laic
1113 4577 1145 4633 et
1177 4569 1263 4650 illic,
1296 4577 1331 4634 ut
1350 4588 1447 4652 prope
1472 4588 1587 4653 pagum
1608 4568 1793 4634 (ilereaaoel
1812 4569 2011 4652 nominamur,

213 4673 307 4740 etiarn
324 4674 358 4738 iu
379 4675 480 4740 lllreui
501 4675 631 4756 planitie
651 4695 708 4740 uec
729 4678 827 4759 longo
846 4697 867 4742 a
886 4677 957 4758 ripa
975 4675 1144 4742 intervallo
1165 4677 1285 4742 distans
1303 4677 1485 4742 invenimus
1530 4677 1633 4744 uun
1654 4697 1752 4761 prope
1771 4677 1930 4744 Pttaclrm
1953 4697 2011 4744 no-

212 4777 338 4842 vissimo
357 4786 495 4860 tempore
515 4781 547 4844 iu
569 4781 699 4862 planitie
720 4781 910 4847 lmalnrum
930 4783 1101 4863 lapicidina
1120 4785 1262 4854 intituta
1280 4795 1337 4852 est
1380 4789 1408 4852 A
1430 4789 1501 4853 rico
1513 4788 1671 4853 munes
1691 4787 1877 4853 occidentem
1899 4807 2011 4854 versu

210 4888 289 4957 durs
309 4895 357 4954 est
374 4905 472 4974 prope
492 4891 631 4956 Boura·
651 4909 755 4972 nona,
787 4891 836 4956 cni
856 4909 966 4958 nonen
986 4898 1034 4960 eat
1057 4893 1258 4978 liukeulnrg
1280 4902 1311 4960 et
1330 4895 1371 4960 al
1390 4895 1450 4960 hoe
1471 4896 1660 4961 lluronotum
1679 4915 1788 4960 venus
1808 4895 1891 4960 lraud
1912 4899 2009 4980 longe

211 4977 331 5060 distans
350 5015 438 5060 mous
455 4998 590 5078 Eunert,
622 5017 725 5082 aquo
757 4999 913 5062 meridiem
933 5017 1041 5064 versos
1061 5001 1243 5065 disiunctum
1276 5009 1323 5066 est
1342 5003 1482 5068 faucibus
1510 5006 1637 5088 longum
1666 5005 1797 5086 ingram,
1827 5001 1913 5066 euius
1935 5019 2010 5083 pars
2084 5045 2086 5050 ,

264 5231 297 5303 ²⁸¹)
315 5235 421 5303 Noegg.
443 5237 547 5288 ithetnl.
568 5251 593 5288 u.
612 5239 736 5303 Westpt.
754 5239 790 5308 ll,
809 5241 871 5292 283.

1762 5356 1777 5419 1
