4710 6380
223 859 282 924 pue
305 837 461 903 dimidium
481 837 611 920 digitum
634 839 699 902 lata
719 844 809 902 erant
831 845 862 900 et
883 837 966 918 adipi
986 837 1080 902 simili
1104 837 1231 920 impleta
1252 847 1354 908 terrae
1386 843 1472 908 cadus
1500 841 1652 924 originem
1672 843 1824 908 attritioni
1848 845 1963 911 (ilirini
1985 849 2019 911 in

222 947 382 1029 mpnrdcic
404 945 583 1029 prismatnm
605 945 831 1008 attribuendam
850 963 916 1008 esse
938 951 1036 1026 putat.

321 1059 357 1120 ln
378 1062 480 1120 moute
510 1054 713 1137 blinderberg
747 1055 832 1118 aliud
857 1055 1029 1134 exemplum
1057 1053 1229 1135 inveninn,
1260 1055 1341 1138 quod
1363 1057 1403 1118 ad
1432 1055 1558 1138 impleta
1588 1057 1758 1120 intervalla
1789 1059 1930 1140 pertinet
1982 1060 2019 1124 si

224 1167 304 1230 enim
327 1165 505 1228 inferiorem
534 1165 721 1247 lapicidinae
751 1171 868 1246 partem
898 1165 1019 1228 intrans
1055 1164 1212 1228 columnas
1237 1165 1277 1226 ad
1309 1165 1450 1228 lernau
1479 1165 1718 1246 contemplaris,
1748 1166 1918 1233 intervalla
1939 1175 2020 1234 testa

222 1276 392 1355 bualtiea,
414 1274 548 1357 undique
567 1274 637 1355 pari
658 1273 882 1342 crassitudine,
911 1273 1038 1352 inpleta
1058 1272 1215 1350 invenies,
1249 1289 1328 1353 quae
1349 1289 1369 1333 a
1390 1271 1543 1351 prismatis
1576 1272 1705 1336 discissa
1727 1280 1783 1336 eat.
1833 1275 2019 1356 Arragoniti

222 1391 340 1464 testae,
361 1403 438 1467 quas
459 1401 554 1463 snpra
571 1382 870 1446 commemoravimus
892 1381 925 1444 in
943 1380 1149 1462 descriptione
1175 1379 1359 1460 lapicidinae
1379 1378 1639 1443 beubsdordanae
1660 1381 1829 1444 verisimile
1851 1381 2021 1446 sedimento

222 1511 370 1579 mamm
392 1498 481 1568 sunt,
504 1509 583 1574 quae
605 1491 720 1554 calcem
741 1489 935 1554 carbunicam
956 1489 1136 1552 continuere
1157 1494 1187 1550 ct
1208 1488 1376 1550 intervalla
1396 1495 1624 1569 permanerunt

324 1601 508 1666 lliscbol
527 1609 653 1666 auctore
677 1623 738 1666 nou
761 1600 971 1666 admirandum
992 1603 1058 1674 est,
1081 1597 1237 1659 columnas
1261 1614 1414 1677 propense
1432 1597 1508 1660 sitas
1527 1597 1696 1662 intervalla
1715 1617 1778 1660 non
1798 1596 1923 1678 babere,
1946 1599 2021 1682 quia

223 1712 379 1793 gravitate
402 1711 610 1775 conciderunt.
651 1713 698 1774 lta
718 1711 880 1774 secuudum
902 1728 968 1772 eum
1004 1711 1180 1769 contractus
1210 1705 1354 1768 basaltici
1386 1707 1493 1770 acervi
1519 1708 1603 1770 mille
1629 1707 1722 1788 pedes
1744 1706 1843 1769 crassi
1870 1725 1926 1768 scr
1947 1716 2020 1769 tau-

222 1829 285 1884 tmu
305 1821 397 1902 pedes
416 1839 483 1882 esse
504 1821 622 1900 potuit,
653 1839 730 1902 crgo
752 1819 962 1900 superioribus
989 1815 1138 1878 columnis
1159 1812 1340 1894 procliviter
1371 1814 1439 1876 sitis
1465 1815 1536 1878 loca
1557 1816 1658 1896 spatio
1680 1834 1737 1879 sex
1762 1815 1871 1908 pedam
1901 1823 2020 1878 mutare

222 1927 319 1991 licuit.
362 1928 431 1990 Non
452 1926 649 1990 dubitandum
672 1933 719 1987 est
743 1943 855 2007 perro,
879 1925 952 2007 quin
974 1925 1051 1986 tales
1073 1924 1256 1986 mutationes
1288 1924 1442 1987 violentae
1464 1927 1566 1987 iactae
1586 1925 1668 2005 sint,
1699 1925 1809 2008 quibus
1830 1924 2019 1987 consociatio

222 2032 401 2113 prismatum
423 2053 441 2095 a
463 2033 598 2114 priscino
626 2033 735 2095 ordine
755 2034 878 2093 omniuo
899 2029 1114 2093 abhorrentem
1137 2029 1226 2092 situm
1249 2029 1410 2110 acceperit.
1464 2033 1533 2106 Qua
1554 2032 1653 2112 potuit
1674 2031 1739 2094 alia
1759 2031 1828 2094 lieri
1849 2049 1965 2112 carisa,
1987 2040 2020 2094 nt

223 2148 326 2204 tantae
347 2141 442 2204 rimae
465 2141 663 2218 exstiterint,
687 2158 764 2222 quas
785 2139 1043 2202 intercolumnas
1065 2156 1157 2218 saepe
1179 2137 1370 2200 invenimus?

279 2331 280 2336 ἵ
328 2250 395 2327 Qua
419 2251 480 2312 alio
502 2249 591 2312 modo
623 2251 783 2311 columnae
821 2249 1017 2331 praefractae
1048 2247 1125 2309 oriri
1158 2253 1346 2328 potuerunt,
1383 2265 1461 2329 quae
1484 2265 1576 2328 saepe
1610 2247 1643 2312 in
1666 2248 1772 2311 eadem
1794 2267 1916 2330 semper
1937 2250 2019 2312 dire-

225 2359 325 2422 ctione
346 2358 545 2421 inveniuntur
563 2366 594 2420 et
615 2357 737 2440 quidem
758 2359 929 2420 cumulatae
949 2356 982 2418 in
1003 2356 1067 2418 illis
1088 2355 1187 2434 lucia,
1208 2356 1241 2418 iu
1262 2355 1370 2439 quibus
1392 2355 1491 2436 primo
1512 2356 1661 2419 exsistere
1681 2377 1744 2420 non
1765 2357 1948 2440 potuerinta

323 2467 528 2549 Exquiramus
548 2487 644 2546 nunc,
680 2487 759 2551 quae
786 2467 868 2531 ratio
902 2467 983 2529 inter
1016 2465 1249 2528 disiunctionem
1271 2465 1303 2526 in
1336 2464 1459 2527 tabulas
1488 2469 1520 2526 et
1540 2463 1573 2526 in
1603 2463 1760 2528 columnas
1782 2467 1834 2530 rit.
1879 2467 2020 2530 basaltes

222 2596 315 2656 saepe
337 2583 468 2658 utroque
492 2577 582 2638 modo
603 2577 691 2640 simul
716 2577 884 2639 disiunctus
904 2581 959 2637 est.
1003 2576 1099 2636 Plane
1118 2573 1311 2656 perspicuum
1333 2591 1373 2634 cx
1396 2591 1457 2634 una
1477 2574 1578 2635 torma
1597 2572 1629 2635 in
1653 2573 1781 2637 alteram
1802 2575 1965 2638 transitum
1989 2575 2020 2635 in

222 2687 465 2749 beubsdortiana
485 2683 652 2768 lapicidina
672 2705 767 2766 supra
789 2686 928 2749 vidimus.
981 2706 1010 2748 v.
1030 2681 1374 2762 beennarnputaa,
1411 2681 1642 2744 disiunctionem
1664 2682 1696 2745 in
1718 2683 1840 2746 tabulas
1872 2682 2018 2765 perbrevi

222 2795 437 2860 articulatione
458 2794 544 2858 oriri.
599 2796 685 2871 Quae
705 2795 810 2875 opinio
832 2793 1011 2878 quibusdam
1036 2792 1158 2856 casibus
1179 2789 1312 2873 probata
1331 2789 1396 2868 sit,
1424 2789 1478 2852 sed
1510 2809 1571 2854 non
1599 2791 1756 2871 omnibus,
1787 2799 1822 2856 ut
1844 2793 2018 2874 exemplum

222 2909 399 2986 proteram,
422 2903 582 2986 ellipsoide
602 2905 634 2966 iu
655 2904 730 2985 iugo
751 2903 1024 2986 ‚‚llttckersberg“.

326 3013 392 3076 lloc
413 3017 531 3074 tantm
553 3017 600 3074 est
621 3017 756 3090 certum,
776 3011 985 3073 columnarum
1004 3027 1079 3071 axes
1099 3027 1220 3090 semper
1239 3010 1272 3072 in
1287 3006 1535 3092 perpendiculari
1554 3007 1618 3070 situ
1635 3007 1885 3089 refrigerationis
1907 3025 2017 3088 super-

221 3115 319 3180 liciem
338 3135 466 3197 versus,
487 3115 609 3178 tabulas
626 3121 726 3178 autem
748 3116 781 3179 in
800 3113 850 3179 illi
869 3117 1022 3198 parallelo
1042 3117 1104 3180 situ
1123 3117 1267 3182 inveniri.
1315 3121 1412 3196 Quam
1432 3117 1471 3179 ob
1490 3134 1557 3179 rem
1577 3115 1629 3180 bic
1649 3117 1813 3180 disiunctio
1831 3117 1863 3180 in
1884 3116 2017 3197 tabulas,

221 3219 287 3284 illic
308 3221 339 3283 in
362 3222 518 3283 columnas
540 3220 738 3302 inveniatur,
758 3223 942 3286 sententiam
965 3226 1173 3289 confirmatam
1195 3227 1337 3308 proferre
1359 3245 1486 3309 nequeo.

320 3330 384 3390 lam
404 3322 544 3393 venimus
563 3329 603 3392 ad
621 3337 807 3412 postremum
828 3332 867 3395 ad
884 3333 1140 3397 consociationem
1164 3335 1373 3398 columnarum
1390 3341 1422 3397 ct
1441 3333 1625 3398 tabulanrm.
1676 3333 1743 3397 ldae
1762 3332 1801 3395 de
1820 3350 1856 3395 rc
1877 3333 2017 3396 llessel

221 3435 352 3516 optimas
373 3439 627 3521 confirmatosque
648 3439 736 3520 leges
756 3441 869 3521 posint,
882 3438 918 3522 ⁶)
942 3440 1119 3524 quibuscum
1141 3443 1264 3507 omnino
1284 3444 1457 3508 consentire
1478 3463 1647 3525 possumus.

321 3545 471 3624 imprimis
491 3546 585 3609 totius
605 3565 751 3610 suorum
773 3567 893 3611 massae
911 3549 1042 3612 formam
1061 3553 1259 3632 spectandam
1278 3572 1346 3616 csse
1366 3559 1472 3634 potat,
1494 3552 1606 3638 quippe
1628 3569 1706 3634 quac
1726 3549 1853 3616 maximi
1874 3551 2018 3614 momenti

220 3661 267 3717 est
290 3655 330 3718 ad
351 3655 541 3720 efficiendam
562 3656 842 3739 refrigerationem.

323 3763 444 3846 Leges,
469 3783 545 3847 quas
564 3765 666 3845 posuit
687 3765 838 3828 llessel
860 3771 933 3828 sunt
953 3762 1034 3827 bae:
1972 3821 1982 3832 .

320 3871 533 3953 „Senlmeebte
553 3874 722 3955 parallelo,
757 3873 836 3937 nacb
866 3872 944 3936 oben
968 3872 1186 3955 divergirende
1219 3875 1296 3938 oder
1315 3872 1559 3956 convergircdde
1581 3869 1699 3936 Stulen
1720 3871 1844 3935 dbrlten
1878 3881 2018 3955 voratlg-

221 3981 283 4046 licb
306 3982 347 4046 da
367 3983 584 4063 vorlrommen,
617 4003 667 4047 wo
701 3983 786 4048 bloss
813 3961 863 4047 cin
883 3985 1107 4048 llervortretcu
1138 3983 1193 4046 der
1221 3983 1323 4046 litasse
1344 3981 1377 4044 in
1398 3979 1628 4062 diclsdtlssigem
1650 3978 1826 4059 amimae,
1863 3978 1950 4043 nicbt
1967 3979 2018 4042 ein

221 4091 455 4155 lleberstrbmen
478 4090 564 4156 Statt
586 4092 741 4174 getundcn
761 4092 826 4157 bat.
870 4093 929 4156 liie
947 4091 1152 4158 seukrecbten
1172 4090 1288 4155 stolen
1318 4085 1433 4168 jedoeb
1463 4085 1607 4152 sebeineo
1638 4086 1717 4153 aucb
1745 4087 1871 4151 solcben
1892 4089 2018 4152 blassen

216 4196 459 4280 annugebbren,
490 4197 540 4262 bei
560 4199 698 4264 welebcn
719 4221 761 4266 ao
780 4201 831 4264 eiu
852 4201 975 4266 wabres
999 4198 1221 4265 lieberdiesseu
1241 4215 1282 4260 au
1304 4196 1426 4260 denken
1445 4196 1508 4276 iat,
1542 4215 1634 4260 weun
1662 4215 1723 4260 naar
1744 4197 1886 4261 daaselbe
1907 4195 2019 4261 bbcbst

219 4306 361 4386 longam
382 4306 444 4368 und
463 4308 520 4371 ant
541 4307 628 4370 einer
646 4305 862 4372 bonizontalen
884 4309 988 4372 libone
1009 4326 1069 4372 vor
1102 4305 1168 4371 sicb
1198 4305 1285 4387 giag.
1341 4303 1401 4368 Die
1429 4303 1509 4369 nacb
1538 4303 1617 4367 oben
1639 4303 1877 4388 divergirenden
1898 4303 2017 4368 Saulen

218 4410 364 4476 sebeinen
385 4413 602 4480 insbesondere
632 4415 758 4480 soleben
781 4417 902 4498 liegeln
931 4415 1139 4496 anausoebea,
1176 4415 1225 4478 die
1260 4433 1316 4478 aas
1346 4415 1433 4478 einer
1467 4413 1752 4496 tricbtertbrmigen
1773 4413 1960 4496 Vertieiunp
1982 4413 2016 4478 in

219 4521 317 4583 andre
337 4523 499 4586 reisareen
519 4522 800 4608 berverdrangen‚
831 4545 867 4589 so
899 4527 972 4591 dass
1004 4527 1054 4589 die
1077 4527 1181 4590 blasae
1212 4523 1292 4588 nacb
1317 4524 1395 4588 oben
1422 4542 1463 4586 nn
1491 4520 1557 4586 sicb
1580 4521 1757 4587 aasbreitcn
1778 4527 1904 4585 moeste.
1956 4522 2016 4586 liie

218 4626 299 4693 nacb
322 4628 401 4692 oben
422 4631 689 4715 convergirenden
713 4633 830 4697 Stalen
852 4633 995 4717 dagegeu
1026 4633 1171 4699 scbeioen
1190 4631 1316 4698 solebeu
1346 4631 1493 4696 ilmalten
1524 4629 1770 4714 annopebbren,
1799 4625 1853 4694 'die
1874 4631 1939 4696 sicb
1961 4634 2019 4696 aut

218 4735 331 4819 irgend
355 4725 537 4802 eineWeise
559 4739 628 4802 eine
646 4737 725 4804 uacb
748 4740 826 4804 obeo
846 4759 888 4804 an
907 4749 1058 4825 vereogte
1077 4741 1306 4823 legalibrmigc
1326 4737 1480 4820 Oedounp
1501 4755 1541 4800 aa
1563 4736 1667 4802 bilden
1688 4743 1833 4818 wusshn,
1855 4756 1911 4802 aas
1933 4741 2012 4804 wel·
2043 4787 2046 4793 ,

217 4843 294 4909 eber
317 4846 379 4910 und
400 4845 478 4912 uber
497 4847 633 4914 welcber
652 4848 699 4912 sia
719 4847 946 4915 bervortrateu.

271 5140 302 5209 *p
319 5144 455 5196 sobrtnea
472 5145 522 5196 dar
540 5144 689 5198 aminon.
707 5158 760 5197 aar
777 5145 962 5212 remanes
979 5147 1028 5198 der
1047 5146 1210 5198 umus.
1230 5160 1266 5197 aa
1284 5147 1422 5213 narbona.
1441 5161 1468 5212 p.
1489 5147 1550 5200 tob.
