4710 6380
1088 573 1353 663 ...e-

317 808 426 884 parles
448 800 598 882 abruptae
618 785 830 886 iaudprocrd
852 801 924 870 inde
945 799 1167 866 inveniuntur:
1189 816 1280 880 quam
1302 801 1424 883 quaen
1443 819 1509 866 rom
1529 803 1696 884 mantis
1717 805 1817 868 soluun
1834 804 1955 872 cnecon
1977 805 2116 872 tribuen-

318 910 389 979 dam
411 928 479 974 esse
501 929 650 974 censeam.

419 1017 573 1092 Quantum
595 1017 636 1080 nd
659 1015 858 1096 abreptarum
880 1018 1089 1082 columnarum
1111 1013 1230 1094 exitus,
1255 1035 1361 1080 eonem
1382 1035 1527 1084 numerus
1549 1021 1644 1092 multo
1657 1021 1780 1102 quiden
1802 1023 1952 1088 columnis
1971 1023 2048 1104 ipsis
2067 1025 2117 1088 in-

317 1122 417 1188 tenor
437 1131 493 1204 est,
516 1122 725 1206 languidam,
747 1130 781 1186 ut
803 1124 912 1203 elucet,
936 1142 1040 1206 cauma,
1061 1122 1142 1206 quod
1164 1122 1197 1184 iu
1219 1123 1275 1188 tali
1295 1125 1386 1206 lapsu
1406 1127 1521 1190 nmmo
1539 1129 1700 1195 columnae
1720 1129 1904 1208 dirunnurr,
1937 1129 2018 1194 inter
2040 1136 2121 1214 ιιιιιιιΙ

318 1233 451 1298 aliarum
471 1233 548 1296 lines
567 1232 779 1312 conspicimus.

419 1341 521 1404 Parvo
542 1340 613 1404 iude
638 1341 807 1404 intervallo
839 1340 988 1404 orientem
1010 1357 1118 1404 versus
1140 1338 1220 1402 alius
1240 1337 1372 1404 habetur
1392 1358 1482 1406 mous
1502 1341 1644 1420 trachyto
1667 1343 1873 1425 conpositos,
1902 1343 1935 1406 in
1956 1344 2026 1408 coni
2047 1345 2116 1408 ior·

318 1470 398 1514 mam
419 1451 585 1516 ascendens
608 1449 934 1532 ‚‚Bruderkrmuberg“
958 1451 1141 1530 appellatus.
1190 1448 1250 1514 llic
1264 1456 1336 1514 mes
1357 1450 1497 1516 iuvenies
1517 1450 1717 1534 lapicidinas,
1748 1472 1878 1538 quarum
1897 1455 1976 1518 duae
1997 1462 2114 1520 tantum

318 1561 358 1624 ad
378 1561 575 1640 spectandam
595 1563 805 1626 columnarum
822 1559 1044 1624 seiunctionem
1063 1579 1119 1624 nos
1140 1558 1289 1624 alliciunt.
1342 1560 1454 1624 Altera
1481 1579 1587 1626 eanum
1618 1561 1679 1630 iam
1707 1561 1761 1626 dia
1787 1562 1977 1628 decennnium
1995 1571 2116 1644 partem

317 1669 547 1732 meridionalem
566 1687 675 1732 versus
696 1668 843 1747 habetur,
872 1669 973 1732 altera
1004 1687 1080 1730 vero
1101 1667 1202 1748 magis
1232 1667 1270 1728 ad
1300 1669 1458 1732 dexteram
1484 1666 1574 1732 huius
1604 1669 1665 1732 sita
1683 1677 1739 1732 est
1784 1669 1906 1734 Primae
1928 1672 2116 1753 lapicidinae

316 1779 475 1844 columnae
497 1779 631 1860 triginta
651 1779 703 1844 vel
726 1777 935 1861 quadraginta
954 1776 1067 1856 pedum
1087 1774 1251 1838 altitudine
1272 1781 1399 1856 apertae
1422 1783 1513 1852 suut3
1535 1797 1614 1860 qaae
1633 1795 1709 1842 vero
1729 1778 1761 1842 iu
1785 1780 1887 1844 altera
1904 1779 2112 1860 inveniuntur,

318 1907 382 1952 nou
404 1894 492 1954 tanta
511 1888 652 1954 celsitate
675 1895 836 1971 apparent

417 1995 607 2077 Traclytum
631 1997 721 2062 liuius
741 1997 855 2060 montis
877 2002 924 2059 est
943 2011 1159 2078 squamosum,
1193 1993 1302 2074 vanis
1323 1992 1540 2073 compositum,
1574 1993 1791 2062 memmallo
1810 1997 1915 2060 colore
1933 2001 1965 2058 et
1983 1995 2113 2062 micam.

316 2103 482 2170 Columnas
503 2106 616 2172 montis
641 2102 862 2186 „inlittellerg“
895 2102 1102 2188 regmapitato
1127 2101 1222 2167 molto
1250 2107 1408 2182 superant.
1454 2101 1591 2166 nimina
1618 2120 1725 2168 mrum
1752 2121 1827 2184 pam
1854 2101 1979 2181 lyra
2005 2103 2114 2184 pedum

315 2215 497 2279 diametrum
515 2213 609 2278 habet
631 2223 662 2278 ct
684 2223 833 2298 quatuor,
866 2214 999 2297 qumque
1027 2219 1081 2278 aut
1104 2231 1160 2276 sen
1186 2212 1298 2274 latera
1354 2209 1510 2274 Nonurdla
1538 2225 1642 2275 earum
1662 2227 1702 2274 ea
1727 2209 1930 2291 regularitate
1960 2217 2049 2290 suut,
2077 2217 2113 2274 ut

316 2322 412 2384 sectio
434 2327 615 2386 transverso
634 2323 823 2404 polygonum
844 2323 992 2404 regulare
1012 2318 1167 2384 exhibeat.
1190 2319 1229 2381 of.
1253 2318 1315 2382 tol).
1338 2318 1391 2396 111,
1412 2323 1443 2380 2.

416 2427 584 2498 columnae
604 2430 769 2510 dipnrtitm
789 2437 861 2494 sunt
882 2435 1028 2512 quatuor
1050 2435 1106 2494 aut
1125 2445 1182 2490 rex
1201 2425 1319 2506 digitos
1340 2443 1448 2492 erasm
1468 2427 1589 2506 putate
1609 2426 1786 2504 seiunctae,
1820 2445 1900 2510 quae
1920 2429 2113 2510 componitur

315 2535 460 2614 trachyto
481 2555 554 2600 raro
578 2537 678 2598 minus
702 2536 841 2619 magisve
865 2538 1025 2616 dissoluto,
1048 2555 1136 2620 quern
1159 2536 1285 2620 nonita
1307 2536 1403 2616 longo
1426 2541 1561 2614 tempore
1581 2540 1651 2615 post
1670 2536 1879 2598 columnarum
1897 2536 2113 2600 formationem

314 2645 348 2738 iu
383 2663 480 2708 venae
515 2647 615 2712 torno
651 2645 826 2710 ascendisse
864 2653 975 2726 putem
1029 2649 1106 2710 Nam
1139 2653 1298 2726 unamque
1331 2649 1450 2722 perlem
1483 2661 1591 2706 versus
1620 2643 1700 2706 idem
1726 2642 1934 2708 columnarum
1958 2643 2035 2708 sitas
2062 2650 2111 2708 est

317 2758 350 2815 et
367 2751 506 2818 directio.
552 2751 719 2816 Columnae
746 2770 822 2816 vero
843 2753 885 2817 ad
908 2753 1048 2818 dextram
1068 2752 1197 2834 parietis
1217 2771 1254 2816 eo
1273 2753 1439 2834 praecipue
1465 2752 1697 2834 distinguuntur
1717 2751 1756 2816 ali
1778 2753 1818 2816 iis
1837 2755 1982 2820 sinistrae
2001 2755 2111 2836 partis,

311 2861 394 2944 quod
414 2879 519 2924 eunoun
539 2860 702 2943 longitudo
726 2860 837 2942 parieti
860 2861 1032 2942 proximam
1060 2869 1090 2926 et
1118 2864 1301 2942 parallelam
1328 2863 1508 2926 scissionem
1528 2861 1696 2926 tabulatam
1724 2861 1861 2942 praebet.
1905 2867 2023 2930 Vanam
2041 2873 2111 2930 uo-

310 2969 396 3048 clyti
417 2972 458 3036 nd
478 2970 559 3036 hanc
578 2969 754 3036 scissionem
775 2970 857 3036 iuter
879 2971 959 3036 alins
979 2989 1088 3036 causas
1108 2970 1225 3052 aliquid
1248 2971 1385 3036 effecisse
1406 2970 1539 3036 forsitan
1559 2971 1664 3053 putari
1684 2971 1787 3036 liceat.

1021 3326 1369 3338 m*-

685 3650 981 3732 lllaquieltlm
1012 3663 1147 3730 quam
1170 3659 1394 3710 vocamus
1415 3645 1730 3709 theoreticam.

408 3847 622 3930 incondito,
643 3849 710 3913 eine
729 3867 789 3932 qm
809 3869 871 3912 non
895 3856 997 3930 potest
1016 3848 1095 3926 lieri,
1115 3854 1149 3909 ut
1165 3853 1219 3910 aut
1240 3846 1273 3908 in
1295 3847 1473 3926 regeramus
1494 3845 1625 3909 formam
1646 3840 1758 3906 abeam
1782 3859 1870 3922 saxa,
1890 3841 1996 3906 autin
2017 3861 2105 3908 acor-

308 3973 366 4017 vos
387 3955 623 4039 disiungantur,
653 3966 700 4020 eet
720 3957 886 4020 voluminis
903 3958 1047 4032 amotio,
1076 3974 1155 4038 quae
1183 3956 1235 4032 sut,
1277 3954 1347 4016 dum
1370 3952 1602 4016 consolidantur
1629 3970 1709 4016 saxa
1736 3957 1768 4013 et
1789 3957 1951 4034 postquam
1971 3953 2104 4016 consoli-

311 4060 386 4126 data
404 4068 486 4126 eunt.

414 4173 450 4236 ln
469 4173 594 4253 magnis
617 4172 911 4236 saxorum-cumnis
940 4171 1017 4236 nnec
1046 4169 1210 4234 voluminis
1232 4167 1360 4230 minutio
1380 4187 1442 4230 non
1476 4167 1576 4229 solum
1603 4172 1672 4231 erat
1705 4167 1833 4230 minutio
1868 4168 1963 4231 totins
1984 4168 2106 4249 mauruli,

306 4299 413 4344 nrum
432 4281 524 4347 otiam
546 4279 726 4344 diuisionem
747 4285 778 4341 et
800 4278 1034 4342 disimcticoem
1055 4280 1226 4359 producere
1247 4283 1371 4358 poterat
1392 4277 1554 4340 internum.
1606 4276 1679 4339 Tali
1699 4277 1790 4340 nodo
1808 4295 2011 4360 magnaeano
2032 4293 2109 4357 pars

306 4386 413 4451 accrvi
438 4405 585 4450 sanorum
607 4404 665 4468 pro
682 4404 716 4448 se
737 4387 821 4449 facta
842 4392 889 4448 rat
909 4386 1068 4466 adqaunto
1092 4387 1210 4467 minor,
1235 4404 1387 4471 quaeres
1408 4385 1502 4448 fimas
1526 4385 1556 4446 et
1576 4384 1679 4448 dictas
1700 4385 1857 4466 ptodmrit.
1907 4388 1994 4462 wne
2016 4388 2105 4450 voln-

307 4493 398 4556 ninis
426 4494 553 4556 montio
580 4512 638 4574 pro
668 4512 814 4557 suornm
848 4511 963 4572 genere
985 4493 1105 4556 duabus
1133 4500 1237 4576 potest
1264 4493 1396 4574 produci
1415 4491 1533 4572 cunda,
1561 4509 1708 4556 sunum
1729 4493 1956 4556 vulmniccrmn
1975 4491 2105 4558 munio

307 4599 417 4664 effecta
437 4599 559 4678 calore,
582 4618 728 4664 saxorum
750 4600 1005 4682 neptunium,
1025 4619 1117 4682 quun
1137 4617 1219 4685 aqua
1240 4603 1380 4667 admixta
1402 4601 1556 4684 effugarit.

407 4709 543 4783 Quorum
564 4708 742 4770 minutionis
766 4723 928 4772 cremum
950 4707 1125 4774 differenda
1143 4709 1349 4786 denominat,
1381 4723 1478 4788 quma
1498 4707 1596 4772 r'mac
1614 4706 1700 4772 abitu
1728 4725 1826 4790 aquae
1842 4710 2012 4789 prcdumcc
2032 4711 2103 4774 lon·

307 4813 381 4897 gius
400 4813 508 4894 hiant,
531 4835 621 4898 quarn
645 4815 741 4880 rimae
762 4833 908 4879 saxorum
930 4815 1167 4880 vulcanicorum.

318 4969 322 4976 .
412 4920 548 4994 οιιοιιιιι
570 4937 717 4984 saxorum
737 4920 956 4987 sameuooen
982 4920 1182 5001 contemplati
1212 4939 1334 5000 sunaus,
1363 4919 1396 4982 in
1417 4919 1456 4982 iis
1480 4919 1612 4985 delectio
1634 4928 1753 4986 tantun
1785 4921 1900 4988 caloris
1921 4939 2016 4986 cama
2038 4940 2107 4986 csse

305 5025 407 5106 potuit
429 5025 606 5091 minutionis
624 5029 800 5092 voluminis
842 5031 910 5094 lam
925 5029 1064 5094 venimus
1083 5029 1124 5094 ad
1144 5031 1372 5112 quaestionem,
1393 5045 1525 5111 quonam
1546 5036 1683 5112 tempore
1712 5030 1798 5094 heta
1815 5029 1857 5097 sit
1875 5047 2022 5094 suorum
2042 5029 2107 5094 dlu-

255 5188 259 5194 .
303 5132 442 5216 iunctio,
463 5151 535 5200 num
555 5153 614 5217 eo,
634 5154 696 5220 quo
718 5155 805 5230 saxa
821 5135 921 5202 adhc
940 5139 1060 5222 lipairh
1079 5139 1211 5221 luerint,
1235 5155 1274 5204 cn
1294 5159 1352 5221 cc,
1371 5157 1432 5223 oco
1453 5138 1517 5204 iam
1536 5137 1699 5202 durescere
1721 5139 1902 5221 inceperint
