4710 6380
431 859 517 922 lnter
539 855 818 942 „Stangenkolrle“
840 865 872 922 et
892 858 1044 923 insultant
1065 865 1157 922 tenum
1178 861 1309 922 strettun
1326 855 1462 940 argillae
1477 855 1697 936 bituminosas,
1718 855 1767 920 cni
1787 875 1897 920 nonen
1917 863 1966 920 cet
1977 853 2127 922 sursunt

329 967 422 1035 situm
443 971 507 1048 cst,
528 965 562 1028 in
582 983 643 1048 qun
662 963 803 1028 discissio
823 963 986 1044 ambonis,
1007 983 1099 1049 qnam
1116 963 1183 1028 dixi
1204 965 1409 1030 continmtur.

429 1077 479 1141 Ad
500 1075 601 1140 vicum
624 1074 772 1138 lltvveiler
796 1074 829 1138 in
858 1093 939 1159 agro
963 1073 1103 1159 Siegano
1124 1071 1386 1156 Noeggcrotlt
1400 1069 1437 1152 ⁹)
1468 1071 1588 1136 invenit
1616 1069 1714 1134 uuile
1743 1073 1922 1154 exemplum.
1970 1073 2028 1137 Est
2046 1074 2126 1138 enin

327 1183 388 1249 lunc
407 1202 526 1269 quoque
547 1186 617 1247 locu
639 1182 784 1247 tormnu'o
804 1183 885 1266 ligni
908 1183 1086 1248 bituminosi
1104 1180 1335 1263 (Brannkoltle)
1365 1181 1538 1263 superiecta
1559 1180 1682 1246 basalta
1709 1188 1801 1264 atque
1821 1182 1939 1265 argilla
1965 1182 2048 1247 inter
2069 1183 2125 1247 lin-

328 1297 440 1358 saltam
461 1300 493 1357 et
511 1293 631 1376 lignum
654 1292 869 1358 niominosun
890 1293 952 1358 sita
978 1313 1041 1358 uon
1075 1293 1174 1358 ninus
1194 1309 1286 1376 qnam
1314 1289 1434 1372 lignum
1454 1289 1554 1370 ipsun
1574 1289 1608 1352 in
1627 1288 1777 1369 prismntn
1795 1287 1926 1352 dincken
1948 1294 2029 1352 som
2072 1289 2125 1354 lti-

275 1403 283 1412 “
328 1401 513 1464 tnmincsnm
530 1400 649 1482 lignum
671 1399 705 1480 in
725 1399 891 1466 carbonem
912 1401 1033 1482 piceum
1054 1407 1267 1465 mmmutaturn
1285 1403 1341 1462 est.
1393 1397 1479 1462 Ares
1508 1413 1674 1479 parvarum
1696 1399 1904 1462 columnam
1923 1397 2125 1480 perpendicn-

328 1507 390 1571 lari
409 1507 463 1571 via
483 1507 523 1570 ad
545 1505 737 1588 superficiem
758 1507 898 1572 insulse
919 1514 991 1572 sunt
1010 1497 1164 1572 inclinati,
1184 1505 1242 1590 ⁸⁸)

428 1613 614 1697 Saepissime
633 1616 713 1682 tales
734 1615 919 1680 mutationes
940 1616 1111 1680 invenimus
1131 1615 1165 1678 in
1187 1615 1274 1678 suxis
1294 1614 1456 1680 ueneriis.
1477 1612 1556 1693 m)

429 1721 548 1804 Illique
569 1719 739 1802 prismata,
761 1721 788 1784 si
810 1723 942 1803 ungulos
966 1728 998 1785 et
1019 1719 1195 1804 superficies
1216 1727 1354 1803 spectas,
1385 1720 1489 1786 eadem
1518 1727 1590 1784 sunt
1617 1717 1843 1797 abnormitnte,
1877 1735 1968 1801 quam
1987 1718 2123 1783 tuntas

328 1828 476 1908 ostendit,
499 1845 664 1911 eorumque
684 1845 759 1890 arcs
780 1846 902 1910 semper
923 1828 1171 1910 perpendiculari
1194 1827 1246 1893 via
1266 1827 1306 1894 ad
1328 1845 1394 1892 eam
1421 1827 1611 1909 superficiem
1630 1825 1773 1890 inclinati
1799 1832 1890 1906 sunt,
1919 1843 1997 1910 qnae
2017 1827 2123 1908 impri-

326 1937 385 2000 mis
406 1935 505 2000 calori
529 1935 673 2016 exposita
696 1941 773 1999 erat.
1296 1998 1299 2006 .

432 2045 518 2120 Quae
537 2061 629 2128 quum
649 2043 695 2106 ita
714 2043 796 2120 sint,
828 2042 981 2105 sententia
1012 2043 1133 2108 minime
1161 2043 1284 2106 videtur
1312 2045 1416 2108 audax
1443 2063 1525 2124 esse,
1559 2043 1791 2109 disiunctionem
1812 2043 1845 2108 in
1867 2042 2005 2106 omnibus
2037 2043 2123 2108 saris

325 2156 397 2232 post
418 2149 538 2214 initium
563 2150 745 2214 durescendi
768 2150 938 2232 incepisse,
967 2133 1095 2233 eamque
1117 2167 1154 2212 co
1180 2151 1280 2234 magis
1303 2154 1480 2236 regularem
1498 2171 1584 2232 esse,
1614 2171 1674 2236 quo
1695 2150 1808 2216 lentius
1827 2151 2027 2234 refrigeratio
2048 2171 2122 2234 pru·

327 2277 438 2340 gressa
455 2259 505 2324 sit.
918 2263 921 2269 “

430 2371 503 2434 Alia
525 2377 626 2434 autern
647 2376 694 2434 est
714 2365 869 2454 quaestio,
900 2377 1002 2434 utrum
1022 2387 1100 2434 saxa
1131 2370 1163 2434 in
1191 2369 1247 2433 tali
1266 2370 1447 2434 durescendi
1471 2377 1570 2445 smtu,
1603 2389 1644 2432 an
1663 2369 1781 2454 liqrtida
1802 2369 2008 2434 excreverint.
2052 2371 2121 2434 Non

326 2478 525 2544 dubitandum
545 2485 616 2559 est,
648 2479 720 2562 quin
743 2479 841 2561 primo
861 2479 952 2542 modo
981 2497 1061 2544 saxa
1082 2485 1152 2542 orta
1182 2479 1260 2556 sint,
1288 2484 1454 2559 praerupte
1482 2476 1562 2540 enim
1591 2476 1790 2540 asoendentcs
1817 2481 1935 2540 montes
1954 2474 2121 2540 limalticos

325 2587 506 2652 invenimus.
548 2589 687 2651 Alteram
707 2587 896 2671 quaestionis
916 2585 1216 2669 partemBisehol
1234 2587 1273 2648 cl.
1295 2586 1329 2648 in
1349 2585 1580 2650 acematissimn
1599 2585 1867 2680 disseriatiunculp
1879 2581 1977 2662 Μ’)
1996 2590 2120 2647 traemt

324 2695 461 2758 Auctore
482 2715 519 2758 eo
540 2696 657 2779 liquide
678 2697 718 2760 ad
744 2696 935 2778 superficiem
960 2703 1063 2760 terrae
1092 2695 1210 2760 excreti
1231 2696 1370 2760 lusaltae
1391 2694 1480 2758 irritio
1504 2695 1536 2759 in
1561 2694 1721 2777 superficie
1751 2695 1862 2758 scoriis
1893 2693 2016 2759 obducti
2037 2699 2118 2771 sunt,

323 2809 531 2886 qnaepropter
551 2804 708 2868 levitatem
730 2804 954 2890 perliquidum
976 2825 1085 2870 saxum
1108 2803 1230 2887 perlabi
1251 2827 1312 2870 non
1337 2813 1474 2889 potuere.

427 2915 522 2978 Tales
542 2915 661 2978 scorias
681 2915 714 2978 in
736 2912 896 2980 basalticis
924 2914 1078 2980 montibus
1107 2932 1182 2980 raro
1202 2915 1363 2994 inveniri,
1392 2915 1614 2996 dissolutione,
1643 2915 1693 2978 cui
1720 2915 1798 2978 talia
1817 2931 1893 2978 rara
1920 2914 2119 2997 saxonego

321 3040 414 3105 quam
433 3021 529 3084 densa
550 3021 692 3104 exposita
713 3021 797 3102 sint,
821 3023 961 3086 ellectum
983 3043 1050 3088 esse
1070 3029 1168 3104 putat.
1220 3023 1299 3087 llum
1319 3022 1520 3105 refrigeratio
1549 3022 1769 3106 progreditur,
1798 3020 1994 3086 disirmctloni
2014 3021 2047 3085 in
2066 3041 2119 3085 co-

323 3131 464 3211 lumnus,
486 3130 576 3194 initio
598 3131 779 3194 durescendi
799 3131 959 3214 incipienti
979 3133 1013 3196 in
1032 3132 1281 3216 refrigerationis
1302 3131 1463 3212 superficie
1493 3131 1697 3214 incipiendum
1717 3137 1748 3193 et
1766 3130 1799 3193 iu
1827 3129 1992 3194 interiores
2014 3138 2120 3212 partes

323 3237 550 3318 procedendum
570 3245 647 3302 eret
703 3237 870 3306 Columnae
890 3258 1005 3322 magm
1024 3241 1218 3323 longitudine
1248 3259 1311 3304 nou
1334 3239 1435 3304 subito
1464 3239 1656 3322 relrigurare
1679 3245 1837 3320 poterant,
1869 3239 1950 3322 quod
1973 3239 2121 3304 sedeun-

253 3423 256 3442 .
324 3352 426 3410 torum
446 3347 625 3428 prismutum
645 3367 769 3412 causam
789 3348 947 3414 existimat
967 3348 1149 3414 Bisehol.
1204 3349 1448 3413 liisiunctioncm
1471 3349 1550 3414 enim
1577 3348 1610 3411 in
1641 3349 1799 3411 comunes
1828 3355 1890 3410 tam
1916 3367 2010 3428 saepe
2029 3365 2121 3430 repe·

324 3449 414 3514 titum
433 3471 501 3516 esse
520 3459 624 3534 putat,
653 3473 742 3536 quam
761 3454 884 3518 articuli
906 3461 1127 3534 nurnerentur,
1153 3475 1252 3540 neque
1274 3474 1350 3519 vero
1370 3465 1490 3539 negat,
1521 3453 1753 3536 phaenomenon
1774 3453 1987 3518 &momnis
2009 3453 2043 3518 in
2066 3475 2119 3518 co-

323 3557 446 3622 tunnas
467 3577 557 3642 quam
577 3559 784 3624 diversissime
805 3561 919 3626 mutari
949 3581 1040 3644 posse
1074 3563 1239 3626 secundum
1260 3562 1503 3646 magnitudinem
1530 3569 1561 3627 et
1589 3563 1744 3626 fervorem
1766 3579 1954 3644 progressae
1974 3561 2065 3625 molis
2088 3567 2120 3626 et

325 3672 421 3747 prout
438 3667 570 3730 celerius
591 3667 751 3732 tardiusve
770 3668 1018 3752 refrigeraverit
1049 3669 1172 3734 luvenit
1183 3687 1279 3752 porro
1293 3677 1324 3736 et
1342 3671 1531 3754 computavit
1550 3669 1721 3734 Bisclrof
1737 3671 1902 3734 secundum
1924 3671 2118 3753 experimen·

325 3780 407 3854 tum,
428 3775 510 3857 quod
529 3776 656 3858 dilapsis
677 3776 836 3842 basultieis
859 3777 997 3860 globulis
1017 3778 1160 3858 instituit,
1175 3778 1344 3846 intervalla
1363 3780 1497 3844 maxima
1515 3779 1678 3842 interduo
1701 3779 1858 3842 duodecim
1877 3779 1993 3861 digitus
2015 3795 2122 3842 crassa

324 3883 475 3966 prismuta
497 3884 574 3948 duas
592 3891 710 3948 tautum
731 3885 831 3950 lineus
853 3899 922 3950 esse
942 3905 1041 3968 posse.
1090 3889 1257 3954 Columnae
1287 3889 1388 3971 magis
1416 3897 1523 3952 tenues
1549 3889 1747 3952 intervallum
1780 3887 1835 3952 vix
1868 3887 1982 3952 nonem
2012 3895 2120 3969 potue-

324 3995 419 4069 runt,
446 3998 481 4054 ut
500 3991 533 4055 in
559 3998 661 4056 monte
683 3991 884 4073 ltinderterg
914 3999 1098 4073 praetenues
1125 3997 1282 4060 columnas
1312 3996 1490 4062 densissime
1520 3997 1690 4060 cumulatas
1724 3995 1904 4060 invenimus.
1964 3999 2003 4060 lit
2023 3996 2146 4074 intem,

324 4098 414 4160 ralla
435 4097 593 4163 dissolutis
615 4099 699 4164 saxis
718 4100 845 4181 impleta
870 4100 934 4163 sint
952 4100 1120 4164 verisimile
1149 4103 1341 4186 singularum
1361 4105 1570 4170 columnarum
1589 4103 1749 4168 dissolutio
1775 4104 1896 4181 ellecit,
1930 4115 2009 4186 quae
2028 4103 2120 4168 suan

324 4205 360 4270 in
376 4207 536 4288 superlicio
556 4206 734 4287 prismatum
754 4209 893 4272 emedio
913 4216 1015 4274 monte
1038 4218 1204 4276 sumturum
1222 4220 1361 4294 apparet

424 4313 689 4397 Nceggeratln
709 4315 752 4395 †)
772 4315 907 4396 invenit,
929 4324 964 4382 ut
983 4319 1124 4399 exemplu
1149 4327 1240 4398 utar,
1275 4321 1307 4386 in
1328 4329 1430 4386 monte
1452 4319 1580 4402 „lichen
1606 4317 1873 4400 Seelbnchskopt‘
1892 4318 2041 4399 prismata
2062 4316 2117 4379 ba-

324 4421 425 4484 saltae
444 4428 514 4486 octo
534 4417 585 4484 rel
608 4419 821 4504 duodeviginti
840 4423 956 4505 digitos
977 4442 1085 4488 crassa
1105 4433 1138 4488 et
1156 4427 1366 4510 quadraginta
1388 4427 1479 4509 pedes
1501 4429 1616 4509 longa,
1647 4443 1774 4510 quorum
1793 4425 1962 4490 intervalla
1981 4424 2119 4504 plerun-

602 4629 719 4638 ..ι-...-

376 4769 528 4842 ¹⁸)Noegg
548 4773 681 4825 Karstaus
698 4775 809 4827 Archiv.
828 4777 864 4844 V,
886 4777 948 4829 188.
966 4751 970 4761 “

359 4875 408 4948 lii¹)
430 4878 531 4930 ltmtlta
550 4879 673 4944 exempla
690 4885 849 4932 enumerata
867 4885 931 4933 sunt
949 4895 975 4933 r.
998 4883 1150 4948 beornard,
1169 4881 1369 4949 ummtgenude
1385 4885 1422 4951 ll,
1440 4885 1502 4936 880.

339 4981 409 5056 Ν)
426 4984 560 5049 Kllpstetn
577 4985 680 5036 llertla
698 4985 736 5053 Χ,
754 4987 815 5038 888.

322 5085 409 5157 W)
426 5103 452 5140 v.
473 5091 623 5142 Leontos-d.
643 5091 738 5142 Jahrb.
757 5089 835 5142 1848.
854 5105 879 5154 p.
898 5091 942 5144 ta.

375 5191 410 5262 †)
426 5191 509 5244 Arch.
529 5193 547 5244 t.
565 5195 662 5246 Miner.
681 5193 757 5261 XIV,
777 5192 837 5243 189.
